@techreport{bitcoin,
  title={Bitcoin: A peer-to-peer electronic cash system},
  author={Nakamoto, Satoshi},
  year={2019},
  institution={Manubot}
}

@misc{eth,
  title = {Ethereum Whitepaper},
  howpublished = {\url{https://ethereum.org/en/whitepaper/}},
  note = {Accessed: 2020-07-09}
}

@inproceedings{nipopow,
  title={Non-interactive proofs of proof-of-work},
  author={Kiayias, Aggelos and Miller, Andrew and Zindros, Dionysis},
  booktitle={International Conference on Financial Cryptography and Data Security},
  pages={505--522},
  year={2020},
  organization={Springer}
}

@inproceedings{flyclient,
  title={Flyclient: Super-light clients for cryptocurrencies},
  author={B{\"u}nz, Benedikt and Kiffer, Lucianna and Luu, Loi and Zamani, Mahdi},
  booktitle={2020 IEEE Symposium on Security and Privacy (SP)},
  pages={928--946},
  year={2020},
  organization={IEEE}
}

@misc{btcrelay,
  title = {BTC Relay},
  howpublished = {\url{http://btcrelay.org/}}
}

@misc{Waterloo,
  title = {Waterloo â€” a Decentralized Practical Bridge between EOS and Ethereum},
  howpublished = {\url{https://blog.kyber.network/waterloo-a-decentralized-practical-bridge-between-eos-and-ethereum-1c230ac65524}},
  note = {Accessed: 2019-02-26}
}

@misc{MMR,
  title = {Merkle Mountain Ranges},
  howpublished = {\url{https://github.com/mimblewimble/grin/blob/ma
  ster/doc/mmr.md}},
  note = {Accessed: 2019-11-26}
}

@article{verfG,
  title={A scalable verification solution for blockchains},
  author={Teutsch, Jason and Reitwie{\ss}ner, Christian},
  journal={arXiv preprint arXiv:1908.04756},
  year={2019}
}

@misc{CR,
  title = {Collision resistance},
  howpublished = {\url{https://en.wikipedia.org/wiki/Collision
  \_resistance}},
  note = {Accessed: 2019-11-26}
}